@article{rother2004grabcut,
    author = "Rother, Carsten and Kolmogorov, Vladimir and Blake, Andrew",
    journal = "ACM transactions on graphics (TOG)",
    number = "3",
    pages = "309--314",
    publisher = "ACM New York, NY, USA",
    title = {{" GrabCut" interactive foreground extraction using iterated graph cuts}},
    volume = "23",
    year = "2004"
}

@article{mcculloch1943logical,
    author = "McCulloch, Warren S. and Pitts, Walter",
    doi = "10.1007/BF02478259",
    issn = "00074985",
    journal = "The bulletin of mathematical biophysics",
    keywords = "Cell Biology, Life Sciences, Mathematical and Computational Biology, general",
    number = "4",
    pages = "115--133",
    publisher = "Springer",
    title = "{A logical calculus of the ideas immanent in nervous activity}",
    volume = "5",
    year = "1943"
}

@article{Yanowitz1989,
    author = "Yanowitz, S. D. and Bruckstein, A. M.",
    doi = "10.1016/S0734-189X(89)80017-9",
    issn = "0734189X",
    journal = "Computer Vision, Graphics, {\&} Image Processing",
    number = "1",
    pages = "82--95",
    publisher = "Academic Press",
    title = "{A new method for image segmentation}",
    volume = "46",
    year = "1989"
}

@article{Withey2008,
  title={A review of medical image segmentation: methods and available software},
  author={Withey, Daniel J and Koles, Zoltan J},
  journal={International Journal of Bioelectromagnetism},
  volume={10},
  number={3},
  pages={125--148},
  year={2008}
}

@article{Weiss2016,
    author = "Weiss, Karl and Khoshgoftaar, Taghi M. and Wang, Ding Ding",
    doi = "10.1186/S40537-016-0043-6/TABLES/6",
    issn = "21961115",
    journal = "Journal of Big Data",
    keywords = "Data mining, Domain adaptation, Machine learning, Survey, Transfer learning",
    number = "1",
    pages = "1--40",
    publisher = "SpringerOpen",
    title = "{A survey of transfer learning}",
    volume = "3",
    year = "2016"
}

@article{Pan2010,
    author = "Pan, Sinno Jialin and Yang, Qiang",
    doi = "10.1109/TKDE.2009.191",
    issn = "10414347",
    journal = "IEEE Transactions on Knowledge and Data Engineering",
    keywords = "Transfer learning, data mining., machine learning, survey",
    number = "10",
    pages = "1345--1359",
    title = "{A survey on transfer learning}",
    volume = "22",
    year = "2010"
}

@article{Fischer2017,
    author = "Fischer, Volker and Kumar, Mummadi Chaithanya and Metzen, Jan Hendrik and Brox, Thomas",
    journal = "ArXiv preprint",
    title = "{Adversarial Examples for Semantic Image Segmentation}",
    volume = "abs/1703.01101",
    year = "2017"
}

@article{Bansal2021,
    author = "Priya, Bansal and Kumar, Jha Avishek and Khushboo, Arora and Neha, Gupta and Vanshika, Bhardwaj and Abhishek, Kumar",
    journal = "Journal of Advanced Scientific Research",
    keywords = "Artificial Neural Network, Artificial intelligence, Computed Tomography, Convolutional Neural Network, Machine learning, Magnetic Resonance Imaging",
    number = "2",
    pages = "22--34",
    title = "{AI REVOLUTIONIZING HEALTH CARE: A DESCRIPTIVE REVIEW}",
    volume = "12",
    year = "2021"
}

@inproceedings{Liu2019,
    author = "Liu, Huanyu and Peng, Chao and Yu, Changqian and Wang, Jingbo and Liu, Xu and Yu, Gang and Jiang, Wei",
    booktitle = "{IEEE} Conference on Computer Vision and Pattern Recognition, {CVPR} 2019, Long Beach, CA, USA, June 16-20, 2019",
    doi = "10.1109/CVPR.2019.00633",
    pages = "6172--6181",
    publisher = "Computer Vision Foundation / {IEEE}",
    title = "An End-To-End Network for Panoptic Segmentation",
    year = "2019"
}

@book{pedrini2008analise,
    author = "Pedrini, Hélio and Schwartz, William Robson",
    publisher = "Thomson Learning",
    title = "{An{\'{a}}lise de imagens digitais: princ{\'{i}}pios, algoritmos e aplica{\c{c}}ões}",
    year = "2008"
}

@misc{Licenses,
    author = "{The Apache Software Foundation}",
    institution = "The Apache Software Foundation",
    title = "{Apache License 2.0}",
    url = "https://www.apache.org/licenses/",
    year = "2004"
}

@article{Pan2020,
    author = "Pan, Zhaoyu and Emaru, Takanori and Ravankar, Ankit and Kobayashi, Yukinori",
    journal = "ArXiv preprint",
    title = "{Applying Semantic Segmentation to Autonomous Cars in the Snowy Environment}",
    volume = "abs/2007.12869",
    year = "2020"
}

@misc{Carneiro2021,
    author = "Carneiro, A.L.C. and de Brito Silva, L. and Faulin, M.A.R.",
    arxivid = "2103.11241",
    booktitle = "arXiv",
    issn = "23318422",
    keywords = "Artificial intelligence, Convolutional neural networks, Deep learning, Object detection, Plant disease identification",
    publisher = "Cornell University",
    title = "{Artificial intelligence for detection and quantification of rust and leaf miner in coffee crop}",
    year = "2021"
}

@article{Schwendicke2020,
    author = "Schwendicke, F. and Samek, W. and Krois, J.",
    doi = "10.1177/0022034520915714",
    issn = "15440591",
    journal = "Journal of Dental Research",
    keywords = "decision-making, deep learning, dental, diagnostic systems, informatics, machine learning",
    number = "7",
    pages = "769--774",
    pmid = "32315260",
    publisher = "SAGE Publications Inc.",
    title = "{Artificial Intelligence in Dentistry: Chances and Challenges}",
    volume = "99",
    year = "2020"
}

@article{Gibson2018,
    author = "Gibson, Eli and Giganti, Francesco and Hu, Yipeng and Bonmati, Ester and Bandula, Steve and Gurusamy, Kurinchi and Davidson, Brian and Pereira, Stephen P. and Clarkson, Matthew J. and Barratt, Dean C.",
    doi = "10.1109/TMI.2018.2806309",
    issn = "1558254X",
    journal = "IEEE Transactions on Medical Imaging",
    keywords = "Abdominal CT, deep learning, duodenum, esophagus, gallbladder, gastrointestinal tract, kidney, liver, pancreas, segmentation, spleen, stomach",
    number = "8",
    pages = "1822--1834",
    pmid = "29994628",
    publisher = "Institute of Electrical and Electronics Engineers Inc.",
    title = "{Automatic Multi-Organ Segmentation on Abdominal CT with Dense V-Networks}",
    volume = "37",
    year = "2018"
}

@phdthesis{Werbos:74,
    author = "Werbos, P J",
    keywords = "juergen",
    school = "Harvard University",
    title = "{Beyond Regression: New Tools for Prediction and Analysis in the Behavioral Sciences}",
    year = "1974"
}

@article{Malkanthi2017,
    author = "Malkanthi, Chandrika and Dissanayake, Maheshi B",
    doi = "10.31686/ijier.vol5.iss10.621",
    issn = "2411-3123",
    journal = "International Journal for Innovation Education and Research",
    keywords = "Keyword: brain tumor, Magnetic resonance imaging (MRI), Magnetic resonance imaging (MRI) Keywords: brain t, morphological tools, segmentation",
    number = "10",
    pages = "1--9",
    publisher = "International Journal for Innovation Education and Research",
    title = "{Brain Tumor Boundary Segmentation of MR Imaging using Spatial Domain Image Processing}",
    volume = "5",
    year = "2017"
}

@article{Hao2020,
    author = "Hao, Jin and Liao, Wen and Zhang, Yueling and Li, Peilin and Yi, Jianru and Peng, Jerry and Zhao, Zeu and Chen, Zhang and Shi, Wenxuan and Chen, Tingyu and Zhou, Bowen and Feng, Yang and Fang, Bing and Hu, Haoji and Yang, Howard",
    doi = "10.21203/rs.3.rs-103285/v1",
    title = "{Clinically Applicable System For 3D Teeth Segmentation in Intraoral Scans using Deep Learning}",
    year = "2020"
}

@inproceedings{Caesar2016,
    author = "Caesar, Holger and Uijlings, Jasper R. R. and Ferrari, Vittorio",
    booktitle = "2018 {IEEE} Conference on Computer Vision and Pattern Recognition, {CVPR} 2018, Salt Lake City, UT, USA, June 18-22, 2018",
    doi = "10.1109/CVPR.2018.00132",
    pages = "1209--1218",
    publisher = "{IEEE} Computer Society",
    title = "COCO-Stuff: Thing and Stuff Classes in Context",
    year = "2018"
}

@inproceedings{Fleyeh2004,
    author = "Fleyeh, Hasan",
    booktitle = "2004 IEEE Conference on Cybernetics and Intelligent Systems",
    doi = "10.1109/iccis.2004.1460692",
    isbn = "0780386442",
    keywords = "Color detection, Color segmentation, Outdoor images, Road signs",
    pages = "808--813",
    title = "{Color detection and segmentation for road and traffic signs}",
    year = "2004"
}

@article{ponti2018funciona,
    author = "Ponti, Moacir Antonelli and Da Costa, Gabriel B Paranhos",
    journal = "ArXiv preprint",
    title = "{Como funciona o deep learning}",
    volume = "abs/1806.07908",
    year = "2018"
}

@inproceedings{Zhang2018,
    author = "Zhang, Hang and Dana, Kristin J. and Shi, Jianping and Zhang, Zhongyue and Wang, Xiaogang and Tyagi, Ambrish and Agrawal, Amit",
    booktitle = "2018 {IEEE} Conference on Computer Vision and Pattern Recognition, {CVPR} 2018, Salt Lake City, UT, USA, June 18-22, 2018",
    doi = "10.1109/CVPR.2018.00747",
    pages = "7151--7160",
    publisher = "{IEEE} Computer Society",
    title = "Context Encoding for Semantic Segmentation",
    year = "2018"
}

@book{dunham2006data,
    author = "Dunham, Margaret H",
    publisher = "Pearson Education India",
    title = "{Data mining: Introductory and advanced topics}",
    year = "2006"
}

@book{kotu2018data,
    author = "Kotu, Vijay and Deshpande, Bala",
    publisher = "Morgan Kaufmann",
    title = "{Data science: concepts and practice}",
    year = "2018"
}

@inproceedings{Parkhi2015,
    author = "Parkhi, Omkar M. and Vedaldi, Andrea and Zisserman, Andrew",
    editor = "Xie, Xianghua and Jones, Mark W. and Tam, Gary K. L.",
    booktitle = "Proceedings of the British Machine Vision Conference 2015, {BMVC} 2015, Swansea, UK, September 7-10, 2015",
    doi = "10.5244/C.29.41",
    pages = "41.1--41.12",
    publisher = "{BMVA} Press",
    title = "Deep Face Recognition",
    year = "2015"
}

@article{Gil2019,
    author = "Jader, Gil and Fontineli, Jefferson and Ruiz, Marco and Abdalla, Kalyf and Pithon, Matheus and Oliveira, Luciano",
    doi = "10.1109/SIBGRAPI.2018.00058",
    isbn = "9781538692646",
    journal = "Proceedings - 31st Conference on Graphics, Patterns and Images, SIBGRAPI 2018",
    keywords = "instance segmentation, panoramic X-ray images, tooth segmentation",
    pages = "400--407",
    publisher = "Institute of Electrical and Electronics Engineers Inc.",
    title = "{Deep Instance Segmentation of Teeth in Panoramic X-Ray Images}",
    year = "2019"
}

@inproceedings{Goodfellow2016,
    author = "Salakhutdinov, Ruslan",
    editor = "Macskassy, Sofus A. and Perlich, Claudia and Leskovec, Jure and Wang, Wei and Ghani, Rayid",
    booktitle = "The 20th {ACM} {SIGKDD} International Conference on Knowledge Discovery and Data Mining, {KDD} '14, New York, NY, {USA} - August 24 - 27, 2014",
    doi = "10.1145/2623330.2630809",
    pages = "1973",
    publisher = "{ACM}",
    title = "Deep learning",
    year = "2014"
}

@article{Lai2015,
    author = "Lai, Matthew",
    journal = "ArXiv preprint",
    title = "{Deep Learning for Medical Image Segmentation}",
    volume = "abs/1505.02000",
    year = "2015"
}

@article{Hesamian2019,
    author = "Hesamian, Mohammad Hesam and Jia, Wenjing and He, Xiangjian and Kennedy, Paul",
    doi = "10.1007/s10278-019-00227-x",
    issn = "1618727X",
    journal = "Journal of Digital Imaging",
    keywords = "CNN, Deep learning, Medical image segmentation, Organ segmentation",
    number = "4",
    pages = "582--596",
    pmid = "31144149",
    publisher = "Springer New York LLC",
    title = "{Deep Learning Techniques for Medical Image Segmentation: Achievements and Challenges}",
    volume = "32",
    year = "2019"
}

@article{Schoppe2020,
    author = {Schoppe, Oliver and Pan, Chenchen and Coronel, Javier and Mai, Hongcheng and Rong, Zhouyi and Todorov, Mihail Ivilinov and M{\"{u}}skes, Annemarie and Navarro, Fernando and Li, Hongwei and Ert{\"{u}}rk, Ali and Menze, Bjoern H.},
    doi = "10.1038/s41467-020-19449-7",
    issn = "20411723",
    journal = "Nature Communications",
    keywords = "Anatomy, Image processing, Machine learning, Software",
    number = "1",
    pages = "1--14",
    pmid = "33159057",
    publisher = "Nature Research",
    title = "{Deep learning-enabled multi-organ segmentation in whole-body mouse scans}",
    volume = "11",
    year = "2020"
}

@inproceedings{He2016,
    author = "He, Kaiming and Zhang, Xiangyu and Ren, Shaoqing and Sun, Jian",
    booktitle = "2016 {IEEE} Conference on Computer Vision and Pattern Recognition, {CVPR} 2016, Las Vegas, NV, USA, June 27-30, 2016",
    doi = "10.1109/CVPR.2016.90",
    pages = "770--778",
    publisher = "{IEEE} Computer Society",
    title = "Deep Residual Learning for Image Recognition",
    year = "2016"
}

@inproceedings{glorot2011deep,
    author = "Glorot, Xavier and Bordes, Antoine and Bengio, Yoshua",
    booktitle = "Proceedings of the fourteenth international conference on artificial intelligence and statistics",
    organization = "JMLR Workshop and Conference Proceedings",
    pages = "315--323",
    title = "{Deep sparse rectifier neural networks}",
    year = "2011"
}

@article{Bayrakdar2021,
    author = {Bayrakdar, Ibrahim Sevki and Orhan, Kaan and Akarsu, Serdar and Celik, {\"O}zer and Atasoy, Samet and Pekince, Adem and Yasa, Yasin and Bilgir, Elif and Sa{\u{g}}lam, Hande and Aslan, Ahmet Faruk and Odaba{\c{s}}, Alper},
    doi = "10.1007/S11282-021-00577-9/TABLES/3",
    issn = "16139674",
    journal = "Oral Radiology",
    keywords = "Artificial intelligence, Bitewing radiographs, Deep learning, Dentistry, Tooth caries",
    pages = "1--12",
    publisher = "Springer",
    title = "{Deep-learning approach for caries detection and segmentation on dental bitewing radiographs}",
    volume = "1",
    year = "2021"
}

@article{Chen2018,
    author = "Chen, Liang Chieh and Papandreou, George and Kokkinos, Iasonas and Murphy, Kevin and Yuille, Alan L.",
    arxivid = "1606.00915",
    doi = "10.1109/TPAMI.2017.2699184",
    issn = "0162-8828",
    journal = "IEEE Transactions on Pattern Analysis and Machine Intelligence",
    keywords = "Atrous Convolution, Computational Modeling, Conditional Random Fields, Context, Convolution, Convolutional Neural Networks, Image Resolution, Image Segmentation, Neural Networks, Semantic Segmentation, Semantics",
    number = "04",
    pages = "834--848",
    pmid = "28463186",
    publisher = "IEEE Computer Society",
    title = "{DeepLab: Semantic Image Segmentation with Deep Convolutional Nets, Atrous Convolution, and Fully Connected CRFs}",
    volume = "40",
    year = "2018"
}

@inproceedings{Huang2017,
    author = "Huang, Gao and Liu, Zhuang and van der Maaten, Laurens and Weinberger, Kilian Q.",
    booktitle = "2017 {IEEE} Conference on Computer Vision and Pattern Recognition, {CVPR} 2017, Honolulu, HI, USA, July 21-26, 2017",
    doi = "10.1109/CVPR.2017.243",
    pages = "2261--2269",
    publisher = "{IEEE} Computer Society",
    title = "Densely Connected Convolutional Networks",
    year = "2017"
}

@article{Hahnioser2000,
    author = "Hahnioser, Richard H.R. and Sarpeshkar, Rahul and Mahowald, Misha A. and Douglas, Rodney J. and Seung, H. Sebastian",
    doi = "10.1038/35016072",
    issn = "00280836",
    journal = "Nature",
    keywords = "Humanities and Social Sciences, Science, multidisciplinary",
    number = "6789",
    pages = "947--951",
    pmid = "10879535",
    publisher = "Nature Publishing Group",
    title = "{Digital selection and analogue amplification coexist in a cortex- inspired silicon circuit}",
    volume = "405",
    year = "2000"
}

@article{muthukrishnan2011edge,
    author = "Muthukrishnan, R and Radha, Miyilsamy",
    journal = "International Journal of Computer Science {\textbackslash}{\&} Information Technology",
    number = "6",
    pages = "259",
    publisher = "Academy {\textbackslash}{\&} Industry Research Collaboration Center (AIRCC)",
    title = "{Edge detection techniques for image segmentation}",
    volume = "3",
    year = "2011"
}

@article{Mohan2020,
    author = "Mohan, Rohit and Valada, Abhinav",
    journal = "ArXiv preprint",
    title = "{EfficientPS: Efficient Panoptic Segmentation}",
    volume = "abs/2004.02307",
    year = "2020"
}

@article{schneider2003experimentos,
    author = "SCHNEIDER, MARIO JORGE and BELLON, OLGA REGINA PEREIRA and ARAKI, HIDEO",
    journal = "Boletim de Ci{\^{e}}ncias Geod{\'{e}}sicas",
    number = "1",
    title = "{Experimentos em fus{\\textasciitilde {a}}o de imagens de alta resolu{\c{c}}{\\textasciitilde {a}}o}",
    volume = "9",
    year = "2003"
}

@inproceedings{Shelhamer2016,
    author = "Long, Jonathan and Shelhamer, Evan and Darrell, Trevor",
    booktitle = "{IEEE} Conference on Computer Vision and Pattern Recognition, {CVPR} 2015, Boston, MA, USA, June 7-12, 2015",
    doi = "10.1109/CVPR.2015.7298965",
    pages = "3431--3440",
    publisher = "{IEEE} Computer Society",
    title = "Fully convolutional networks for semantic segmentation",
    year = "2015"
}

@inproceedings{Szegedy2015,
    author = "Szegedy, Christian and Liu, Wei and Jia, Yangqing and Sermanet, Pierre and Reed, Scott E. and Anguelov, Dragomir and Erhan, Dumitru and Vanhoucke, Vincent and Rabinovich, Andrew",
    booktitle = "{IEEE} Conference on Computer Vision and Pattern Recognition, {CVPR} 2015, Boston, MA, USA, June 7-12, 2015",
    doi = "10.1109/CVPR.2015.7298594",
    pages = "1--9",
    publisher = "{IEEE} Computer Society",
    title = "Going deeper with convolutions",
    year = "2015"
}

@inproceedings{Chen2019,
    author = "Chen, Kai and Pang, Jiangmiao and Wang, Jiaqi and Xiong, Yu and Li, Xiaoxiao and Sun, Shuyang and Feng, Wansen and Liu, Ziwei and Shi, Jianping and Ouyang, Wanli and Loy, Chen Change and Lin, Dahua",
    booktitle = "{IEEE} Conference on Computer Vision and Pattern Recognition, {CVPR} 2019, Long Beach, CA, USA, June 16-20, 2019",
    doi = "10.1109/CVPR.2019.00511",
    pages = "4974--4983",
    publisher = "Computer Vision Foundation / {IEEE}",
    title = "Hybrid Task Cascade for Instance Segmentation",
    year = "2019"
}

@article{Wang2004,
    author = "Wang, Zhou and Bovik, Alan Conrad and Sheikh, Hamid Rahim and Simoncelli, Eero P.",
    doi = "10.1109/TIP.2003.819861",
    issn = "10577149",
    journal = "IEEE Transactions on Image Processing",
    keywords = "Error sensitivity, Human visual system (HVS), Image coding, Image quality assessment, JPEG, JPEG2000, Perceptual quality, Structural information, Structural similarity (SSIM)",
    number = "4",
    pages = "600--612",
    pmid = "15376593",
    title = "{Image quality assessment: From error visibility to structural similarity}",
    volume = "13",
    year = "2004"
}

@article{Yuheng2017,
    author = "Yuheng, Song and Hao, Yan",
    journal = "ArXiv preprint",
    title = "{Image Segmentation Algorithms Overview}",
    volume = "abs/1707.02051",
    year = "2017"
}

@article{Haralick1985,
    author = "Haralick, R. M. and Shapiro, L. G.",
    doi = "10.1016/S0734-189X(85)90153-7",
    issn = "0734189X",
    journal = "Computer Vision, Graphics, {\&} Image Processing",
    number = "1",
    pages = "100--132",
    publisher = "Academic Press",
    title = "{Image segmentation techniques.}",
    volume = "29",
    year = "1985"
}

@article{Minaee2021,
    author = "Minaee, Shervin and Boykov, Yuri Y. and Porikli, Fatih and Plaza, Antonio J. and Kehtarnavaz, Nasser and Terzopoulos, Demetri",
    journal = "ArXiv preprint",
    title = "{Image Segmentation Using Deep Learning: A Survey}",
    volume = "abs/2001.05566",
    year = "2020"
}

@inproceedings{Yi2012,
    author = "Yi, Faliu and Moon, Inkyu",
    booktitle = "2012 International Conference on Systems and Informatics, ICSAI 2012",
    doi = "10.1109/ICSAI.2012.6223428",
    isbn = "9781467301992",
    keywords = "N-dimensional image, energy function, graph-cut, image segmentation, survey",
    pages = "1936--1941",
    title = "{Image segmentation: A survey of graph-cut methods}",
    year = "2012"
}

@inproceedings{krizhevsky2012imagenet,
    author = "Krizhevsky, Alex and Sutskever, Ilya and Hinton, Geoffrey E.",
    editor = "Bartlett, Peter L. and Pereira, Fernando C. N. and Burges, Christopher J. C. and Bottou, L{\'{e}}on and Weinberger, Kilian Q.",
    booktitle = "Advances in Neural Information Processing Systems 25: 26th Annual Conference on Neural Information Processing Systems 2012. Proceedings of a meeting held December 3-6, 2012, Lake Tahoe, Nevada, United States",
    pages = "1106--1114",
    title = "ImageNet Classification with Deep Convolutional Neural Networks",
    year = "2012"
}

@inproceedings{Liu2020,
    author = "Liu, Xiaofeng and Han, Yuzhuo and Bai, Song and Ge, Yi and Wang, Tianxing and Han, Xu and Li, Site and You, Jane and Lu, Jun",
    booktitle = "The Thirty-Fourth {AAAI} Conference on Artificial Intelligence, {AAAI} 2020, The Thirty-Second Innovative Applications of Artificial Intelligence Conference, {IAAI} 2020, The Tenth {AAAI} Symposium on Educational Advances in Artificial Intelligence, {EAAI} 2020, New York, NY, USA, February 7-12, 2020",
    pages = "11629--11636",
    publisher = "{AAAI} Press",
    title = "Importance-Aware Semantic Segmentation in Self-Driving with Discrete Wasserstein Training",
    year = "2020"
}

@inproceedings{Mahmud2012,
    author = "Mahmud, Md Sohrab and Rahman, Md Mostafizer and Akhtar, Md Nasim",
    booktitle = "2012 7th International Conference on Electrical and Computer Engineering, ICECE 2012",
    doi = "10.1109/ICECE.2012.6471633",
    isbn = "9781467314367",
    keywords = "Clustering, Data Mining, Enhancing kmeans, K-means, improved Initial centroids",
    pages = "647--650",
    title = "{Improvement of K-means clustering algorithm with better initial centroids based on weighted average}",
    year = "2012"
}

@inproceedings{Dahl2013,
    author = "Dahl, George E. and Sainath, Tara N. and Hinton, Geoffrey E.",
    booktitle = "ICASSP, IEEE International Conference on Acoustics, Speech and Signal Processing - Proceedings",
    doi = "10.1109/ICASSP.2013.6639346",
    isbn = "9781479903566",
    issn = "15206149",
    keywords = "Bayesian optimization, LVCSR, acoustic modeling, broadcast news, deep learning, dropout, neural networks, rectified linear units",
    pages = "8609--8613",
    title = "{Improving deep neural networks for LVCSR using rectified linear units and dropout}",
    year = "2013"
}

@article{Salvadeo2011,
    author = "Salvadeo, Denis H.P. and Mascarenhas, Nelson D.A. and Moreira, Jander and Levada, Alexandre L.M. and Corr{\^{e}}a, Débora C.",
    doi = "10.1109/MCSE.2010.142",
    issn = "15219615",
    journal = "Computing in Science and Engineering",
    keywords = "Face recognition, block-based PCA, covariance matrix regularization, maximum likelihood, multiclassifier fusion, principal component analysis, scientific computing, security and privacy",
    number = "3",
    pages = "14--21",
    title = "{Improving face recognition performance using RBPCA maxlike and information fusion}",
    volume = "13",
    year = "2011"
}

@inproceedings{Porzi2021,
    author = "Porzi, Lorenzo and Bul{\`{o}}, Samuel Rota and Kontschieder, Peter",
    booktitle = "{IEEE} Conference on Computer Vision and Pattern Recognition, {CVPR} 2021, virtual, June 19-25, 2021",
    doi = "10.1109/CVPR46437.2021.00722",
    pages = "7302--7311",
    publisher = "Computer Vision Foundation / {IEEE}",
    title = "Improving Panoptic Segmentation at All Scales",
    year = "2021"
}

@inproceedings{Silberman:ECCV12,
    author = "Nathan Silberman Derek Hoiem, Pushmeet Kohli and Fergus, Rob",
    booktitle = "ECCV",
    title = "{Indoor Segmentation and Support Inference from RGBD Images}",
    year = "2012"
}

@article{Shuai2016,
    author = "Yang, Shuai and Jin, Guanghao and Wang, Ruikun and Ke, Yongzhen",
    doi = "10.2991/MECS-17.2017.172",
    isbn = "978-94-6252-352-4",
    issn = "2352-5401",
    journal = "2nd International Conference on Mechanical, Electronic and Computer Engineering",
    keywords = "Boundary Correction, Dental Orthopedic., Geodesic, Tooth Segmentation",
    pages = "422--426",
    publisher = "Atlantis Press",
    title = "{Interactive Tooth Segmentation Method of Dental Model based on Geodesic}",
    year = "2016"
}

@article{rumelhart1986learning,
    author = "Rumelhart, David E and Hinton, Geoffrey E and Williams, Ronald J",
    journal = "nature",
    number = "6088",
    pages = "533--536",
    publisher = "Nature Publishing Group",
    title = "{Learning representations by back-propagating errors}",
    volume = "323",
    year = "1986"
}

@article{Ghazvinian2021,
    author = "Zanjani, Farhad Ghazvinian and Pourtaherian, Arash and Zinger, Svitlana and Moin, David Anssari and Claessen, Frank and Cherici, Teo and Parinussa, Sarah and de With, Peter H.N.",
    doi = "10.1016/J.NEUCOM.2020.06.145",
    issn = "0925-2312",
    journal = "Neurocomputing",
    keywords = "3D point cloud, Deep learning, Instance object segmentation, Intra-oral scan",
    pages = "286--298",
    publisher = "Elsevier",
    title = "{Mask-MCNet: Tooth instance segmentation in 3D point clouds of intra-oral scans}",
    volume = "453",
    year = "2021"
}

@article{cauchy1847methode,
    author = "Cauchy, Augustin and {others}",
    journal = "Comp. Rend. Sci. Paris",
    number = "1847",
    pages = "536--538",
    title = "{M{\'{e}}thode g{\'{e}}n{\'{e}}rale pour la r{\'{e}}solution des systemes d’{\'{e}}quations simultan{\'{e}}es}",
    volume = "25",
    year = "1847"
}

@article{Howard2017,
    author = "Howard, Andrew G. and Zhu, Menglong and Chen, Bo and Kalenichenko, Dmitry and Wang, Weijun and Weyand, Tobias and Andreetto, Marco and Adam, Hartwig",
    journal = "ArXiv preprint",
    title = "{MobileNets: Efficient Convolutional Neural Networks for Mobile Vision Applications}",
    volume = "abs/1704.04861",
    year = "2017"
}

@article{Asadi-Aghbolaghi2020,
    author = "Scheuer, Claude and Boot, Erik and Carse, Nicola and Clardy, Aisling and Gallagher, Jackie and Heck, Sandra and Marron, Susan and Martinez-Alvarez, Lucio and Masarykova, Dana and Mcmillan, Paul and Murphy, Frances and Steel, Elinor and Ekdom, Hans Van and Vecchione, Hannah",
    editor = "{G. Balint} and Antala, B. and Carty, C. and Mabieme, J-M. A. and Amar, I. B. and Kaplanova, A.",
    doi = "10.2/JQUERY.MIN.JS",
    issn = "1868-7075",
    journal = "Physical Education and Sport for Children and Youth with Special Needs Researches – Best Practices – Situation",
    keywords = "Epigenetic, classification, epidemiology, methylation, smoking",
    pages = "343--354",
    publisher = "Slovak Scientific Society for Physical Education and Sport and FIEP",
    title = "{Multi-level Context Gating of Embedded Collective Knowledge for Medical Image Segmentation.}",
    year = "2020"
}

@inproceedings{Teichmann2018,
    author = "Teichmann, Marvin and Weber, Michael and Zoellner, Marius and Cipolla, Roberto and Urtasun, Raquel",
    booktitle = "2018 IEEE intelligent vehicles symposium (IV)",
    organization = "IEEE",
    pages = "1013--1020",
    title = "Multinet: Real-time joint semantic reasoning for autonomous driving",
    year = "2018"
}

@inproceedings{LeCun1999,
    author = "LeCun, Yann and Haffner, Patrick and Bottou, Léon and Bengio, Yoshua",
    booktitle = "Lecture Notes in Computer Science (including subseries Lecture Notes in Artificial Intelligence and Lecture Notes in Bioinformatics)",
    doi = "10.1007/3-540-46805-6{\\_}19",
    isbn = "3540667229",
    issn = "16113349",
    pages = "319--345",
    publisher = "Springer Verlag",
    title = "{Object recognition with gradient-based learning}",
    volume = "1681",
    year = "1999"
}

@inproceedings{Nirkin2018,
    author = "Nirkin, Yuval and Masi, Iacopo and Tuan, Anh Tran and Hassner, Tal and Medioni, Gerard",
    booktitle = "2018 13th IEEE International Conference on Automatic Face \& Gesture Recognition (FG 2018)",
    organization = "IEEE",
    pages = "98--105",
    title = "On face segmentation, face swapping, and face perception",
    year = "2018"
}

@article{Hyttinen2020,
    author = {Hyttinen, Joni and F{\"{a}}lt, Pauli and J{\"{a}}sberg, Heli and Kullaa, Arja and Hauta-Kasari, Markku},
    doi = "10.3390/APP10207246",
    issn = "20763417",
    journal = "Applied Sciences 2020, Vol. 10, Page 7246",
    keywords = "database, dataset, dental, dentistry, oral, spectral image",
    number = "20",
    pages = "7246",
    publisher = "Multidisciplinary Digital Publishing Institute",
    title = "{Oral and Dental Spectral Image Database—ODSI-DB}",
    volume = "10",
    year = "2020"
}

@article{Vaillant1994,
    author = "Vaillant, R.",
    doi = "10.1049/ip-vis:19941301",
    issn = "1350245X",
    journal = "IEE Proceedings - Vision, Image, and Signal Processing",
    number = "4",
    pages = "245",
    publisher = "IEE",
    title = "{Original approach for the localisation of objects in images}",
    volume = "141",
    year = "1994"
}

@article{bock2008origins,
    author = "Hans-Hermann, BOCK",
    journal = "Journal Electronique d’Histoire des Probabilit{\'{e}}s et de la Statistique Electronic Journal for History of Probability and Statistics",
    number = "2",
    title = "{Origins and extensions of the k-means algorithm in cluster analysis}",
    volume = "4",
    year = "2008"
}

@inproceedings{Kirillov2019,
    author = "Kirillov, Alexander and Girshick, Ross B. and He, Kaiming and Doll{\'{a}}r, Piotr",
    booktitle = "{IEEE} Conference on Computer Vision and Pattern Recognition, {CVPR} 2019, Long Beach, CA, USA, June 16-20, 2019",
    doi = "10.1109/CVPR.2019.00656",
    pages = "6399--6408",
    publisher = "Computer Vision Foundation / {IEEE}",
    title = "Panoptic Feature Pyramid Networks",
    year = "2019"
}

@inproceedings{Jasper2020,
    author = "Uijlings, Jasper R. R. and Andriluka, Mykhaylo and Ferrari, Vittorio",
    booktitle = "{MM} '20: The 28th {ACM} International Conference on Multimedia, Virtual Event / Seattle, WA, USA, October 12-16, 2020",
    crossref = "DBLP:conf/mm/2020",
    doi = "10.1145/3394171.3413812",
    pages = "3302--3310",
    title = "Panoptic Image Annotation with a Collaborative Assistant",
    year = "2020"
}

@inproceedings{Kirillov2019a,
    author = "Kirillov, Alexander and He, Kaiming and Girshick, Ross B. and Rother, Carsten and Doll{\'{a}}r, Piotr",
    booktitle = "{IEEE} Conference on Computer Vision and Pattern Recognition, {CVPR} 2019, Long Beach, CA, USA, June 16-20, 2019",
    doi = "10.1109/CVPR.2019.00963",
    pages = "9404--9413",
    publisher = "Computer Vision Foundation / {IEEE}",
    title = "Panoptic Segmentation",
    year = "2019"
}

@article{Cai2020,
    author = "Cai, Wenjie and Xiong, Zheng and Sun, Xianfang and Rosin, Paul L. and Jin, Longcun and Peng, Xinyi",
    doi = "10.3390/APP10010391",
    issn = "20763417",
    journal = "Applied Sciences 2020, Vol. 10, Page 391",
    keywords = "attention mechanism, image captioning, panoptic segmentation",
    number = "1",
    pages = "391",
    publisher = "Multidisciplinary Digital Publishing Institute",
    title = "{Panoptic Segmentation-Based Attention for Image Captioning}",
    volume = "10",
    year = "2020"
}

@article{Elharrouss2021,
    author = "Elharrouss, Omar and Al-Maadeed, Somaya Ali and Subramanian, Nandhini and Ottakath, Najmath and Almaadeed, Noor and Himeur, Yassine",
    journal = "ArXiv preprint",
    title = "{Panoptic Segmentation: A Review}",
    volume = "abs/2111.10250",
    year = "2021"
}

@article{Liu2015,
    author = "Liu, Wei and Rabinovich, Andrew and Berg, Alexander C.",
    journal = "ArXiv preprint",
    title = "{ParseNet: Looking Wider to See Better}",
    volume = "abs/1506.04579",
    year = "2015"
}

@inproceedings{DeGeus2021,
    author = "de Geus, Daan and Meletis, Panagiotis and Lu, Chenyang and Wen, Xiaoxiao and Dubbelman, Gijs",
    booktitle = "{IEEE} Conference on Computer Vision and Pattern Recognition, {CVPR} 2021, virtual, June 19-25, 2021",
    doi = "10.1109/CVPR46437.2021.00544",
    pages = "5485--5494",
    publisher = "Computer Vision Foundation / {IEEE}",
    title = "Part-Aware Panoptic Segmentation",
    year = "2021"
}

@article{He2021,
    author = "He, Ju and Yang, Shuo and Yang, Shaokang and Kortylewski, Adam and Yuan, Xiaoding and Chen, Jie-Neng and Liu, Shuai and Yang, Cheng and Yuille, Alan",
    journal = "ArXiv preprint",
    title = "{PartImageNet: A Large, High-Quality Dataset of Parts}",
    volume = "abs/2112.00933",
    year = "2021"
}

@article{Minyoung2020,
    author = "Chung, Minyoung and Lee, Minkyung and Hong, Jioh and Park, Sanguk and Lee, Jusang and Lee, Jingyu and Yang, Il Hyung and Lee, Jeongjin and Shin, Yeong Gil",
    arxivid = "2002.02143",
    doi = "10.1016/J.COMPBIOMED.2020.103720",
    issn = "0010-4825",
    journal = "Computers in Biology and Medicine",
    keywords = "Cone beam computed tomography, Image segmentation, Pose regression neural network, Pose-aware tooth detection, Tooth instance segmentation",
    pages = "103720",
    pmid = "32250852",
    publisher = "Pergamon",
    title = "{Pose-aware instance segmentation framework from cone beam CT images for tooth segmentation}",
    volume = "120",
    year = "2020"
}

@inproceedings{Kaymak2019,
    author = "Kaymak, Cagri and Ucar, Aysegul",
    booktitle = "2019 International Conference on Artificial Intelligence and Data Processing Symposium, IDAP 2019",
    doi = "10.1109/IDAP.2019.8875923",
    isbn = "9781728129327",
    keywords = "Autonomous driving, Deep learning, Fully Convolutional Network, Semantic image segmentation",
    publisher = "Institute of Electrical and Electronics Engineers Inc.",
    title = "{Semantic image segmentation for autonomous driving using fully convolutional networks}",
    year = "2019"
}

@inproceedings{Arbelaez2012,
    author = "Arbelaez, Pablo and Hariharan, Bharath and Gu, Chunhui and Gupta, Saurabh and Bourdev, Lubomir D. and Malik, Jitendra",
    booktitle = "2012 {IEEE} Conference on Computer Vision and Pattern Recognition, Providence, RI, USA, June 16-21, 2012",
    doi = "10.1109/CVPR.2012.6248077",
    pages = "3378--3385",
    publisher = "{IEEE} Computer Society",
    title = "Semantic segmentation using regions and parts",
    year = "2012"
}

@article{Liu2011,
    author = "Liu, Ce and Yuen, Jenny and Torralba, Antonio",
    doi = "10.1109/TPAMI.2010.147",
    issn = "01628828",
    journal = "IEEE Transactions on Pattern Analysis and Machine Intelligence",
    keywords = "SIFT flow, Scene alignment, alignment-based large database framework, belief propagation, coarse to fine, dense scene correspondence, face recognition, motion prediction for a single image, motion synthesis via object transfer, satellite image registration",
    number = "5",
    pages = "978--994",
    pmid = "20714019",
    title = "{SIFT flow: Dense correspondence across scenes and its applications}",
    volume = "33",
    year = "2011"
}

@article{Lee2018,
    author = "Lee, Hee Seok and Kim, Kang",
    journal = "IEEE Transactions on Intelligent Transportation Systems",
    number = "5",
    pages = "1652--1663",
    publisher = "IEEE",
    title = "Simultaneous traffic sign detection and boundary estimation using convolutional neural network",
    volume = "19",
    year = "2018"
}

@inproceedings{macqueen1967some,
    author = "MacQueen, James and {others}",
    booktitle = "Proceedings of the fifth Berkeley symposium on mathematical statistics and probability",
    number = "14",
    pages = "281--297",
    title = "{Some methods for classification and analysis of multivariate observations}",
    volume = "1",
    year = "1967"
}

@article{Chen2019a,
    author = "Chen, Qiang and Cheng, Anda and He, Xiangyu and Wang, Peisong and Cheng, Jian",
    journal = "IEEE Transactions on Circuits and Systems for Video Technology",
    number = "6",
    pages = "2288--2300",
    publisher = "IEEE",
    title = "Spatialflow: Bridging all tasks for panoptic segmentation",
    volume = "31",
    year = "2020"
}

@article{DeGeus2021a,
    author = "De Geus, Daan and Meletis, Panagiotis and Lu, Chenyang and Wen, Xiaoxiao and Dubbelman, Gijs",
    title = "{Supplementary Material: Part-aware Panoptic Segmentation}"
}

@inproceedings{Cordts2016,
    author = "Cordts, Marius and Omran, Mohamed and Ramos, Sebastian and Rehfeld, Timo and Enzweiler, Markus and Benenson, Rodrigo and Franke, Uwe and Roth, Stefan and Schiele, Bernt",
    booktitle = "2016 {IEEE} Conference on Computer Vision and Pattern Recognition, {CVPR} 2016, Las Vegas, NV, USA, June 27-30, 2016",
    doi = "10.1109/CVPR.2016.350",
    pages = "3213--3223",
    publisher = "{IEEE} Computer Society",
    title = "The Cityscapes Dataset for Semantic Urban Scene Understanding",
    year = "2016"
}

@inproceedings{Neuhold2017_ICCV,
    author = "Neuhold, Gerhard and Ollmann, Tobias and Bul{\`{o}}, Samuel Rota and Kontschieder, Peter",
    booktitle = "{IEEE} International Conference on Computer Vision, {ICCV} 2017, Venice, Italy, October 22-29, 2017",
    doi = "10.1109/ICCV.2017.534",
    pages = "5000--5009",
    publisher = "{IEEE} Computer Society",
    title = "The Mapillary Vistas Dataset for Semantic Understanding of Street Scenes",
    year = "2017"
}

@article{Stevens1979,
    author = "Stevens, Charles F",
    issn = "00368733, 19467087",
    journal = "Scientific American",
    number = "3",
    pages = "54--65",
    publisher = "Scientific American, a division of Nature America, Inc.",
    title = "{The Neuron}",
    volume = "241",
    year = "1979"
}

@article{everingham2010pascal,
    author = "Everingham, Mark and Van Gool, Luc and Williams, Christopher K I and Winn, John and Zisserman, Andrew",
    journal = "International journal of computer vision",
    number = "2",
    pages = "303--338",
    publisher = "Springer",
    title = "{The pascal visual object classes (voc) challenge}",
    volume = "88",
    year = "2010"
}

@article{Rosenblatt1958,
    author = "Rosenblatt, F.",
    doi = "10.1037/h0042519",
    issn = "0033295X",
    journal = "Psychological Review",
    keywords = "PERCEPTION, AS INFORMATION STORAGE MODEL INFORMATI",
    number = "6",
    pages = "386--408",
    pmid = "13602029",
    title = "{The perceptron: A probabilistic model for information storage and organization in the brain}",
    volume = "65",
    year = "1958"
}

@article{liberati2009,
    author = "Liberati, Alessandro and Altman, Douglas G. and Tetzlaff, Jennifer and Mulrow, Cynthia and G{\o}tzsche, Peter C. and Ioannidis, John P.A. and Clarke, Mike and Devereaux, P. J. and Kleijnen, Jos and Moher, David",
    doi = "10.1016/J.JCLINEPI.2009.06.006",
    issn = "0895-4356",
    journal = "Journal of Clinical Epidemiology",
    number = "10",
    pages = "e1-e34",
    pmid = "19631507",
    publisher = "Pergamon",
    title = "{The PRISMA statement for reporting systematic reviews and meta-analyses of studies that evaluate health care interventions: explanation and elaboration}",
    volume = "62",
    year = "2009"
}

@article{Otsu1979,
    author = "Otsu, Nobuyuki",
    doi = "10.1109/tsmc.1979.4310076",
    issn = "00189472",
    journal = "IEEE Trans Syst Man Cybern",
    number = "1",
    pages = "62--66",
    title = "{THRESHOLD SELECTION METHOD FROM GRAY-LEVEL HISTOGRAMS.}",
    volume = "SMC-9",
    year = "1979"
}

@article{barbosa2019,
    author = "Barbosa, Fabiano Timbó and Lira, Amanda Bastos and de Oliveira Neto, Olavo Barbosa and Santos, Leyna Leite and Santos, Isabelle Oliveira and Barbosa, Luciano Timbó and Ribeiro, Marina Viegas Moura Rezende and de Sousa‐Rodrigues, Célio Fernando",
    doi = "10.1016/J.BJAN.2018.11.007",
    issn = "0034-7094",
    journal = "Brazilian Journal of Anesthesiology",
    keywords = "Meta‐analysis, Prisma statement, Randomized clinical trial, Systematic review",
    number = "3",
    pages = "299--306",
    pmid = "30717891",
    publisher = "Elsevier",
    title = "{Tutorial para execu{\c{c}}{\\textasciitilde {a}}o de revisões sistem{\'{a}}ticas e metan{\'{a}}lises com estudos de interven{\c{c}}{\\textasciitilde {a}}o em anestesia}",
    volume = "69",
    year = "2019"
}

@article{Wang2017,
    author = "Wang, Panqu and Chen, Pengfei and Yuan, Ye and Liu, Ding and Huang, Zehua and Hou, Xiaodi and Cottrell, Garrison",
    journal = "ArXiv preprint",
    title = "{Understanding Convolution for Semantic Segmentation}",
    volume = "abs/1702.08502",
    year = "2017"
}

@article{Ghosh2019,
    author = "Ghosh, Swarnendu and Das, Nibaran and Das, Ishita and Maulik, Ujjwal",
    journal = "ArXiv preprint",
    title = "{Understanding Deep Learning Techniques for Image Segmentation}",
    volume = "abs/1907.06119",
    year = "2019"
}

@article{Nguyen2021,
    author = "Nguyen, Thomas T and Larriv{\'e}e, Naomie and Lee, Alicia and Bilaniuk, Olexa and Durand, Robert",
    journal = "J Can Dent Assoc",
    number = "l7",
    pages = "1488--2159",
    title = "Use of artificial intelligence in dentistry: current clinical trends and research advances",
    volume = "87",
    year = "2021"
}

@inproceedings{Simonyan2015,
    author = "Simonyan, Karen and Zisserman, Andrew",
    editor = "Bengio, Yoshua and LeCun, Yann",
    booktitle = "3rd International Conference on Learning Representations, {ICLR} 2015, San Diego, CA, USA, May 7-9, 2015, Conference Track Proceedings",
    title = "Very Deep Convolutional Networks for Large-Scale Image Recognition",
    year = "2015"
}

@article{YouZhou2021,
    author = "You Zhou, Fan and Yu, Fan and Zhou, You",
    doi = "10.1117/12.2605443",
    isbn = "9781510646124",
    issn = "1996756X",
    journal = "https://doi.org/10.1117/12.2605443",
    keywords = "Image understanding, interest propagation from part, interest propagation network",
    pages = "397--404",
    publisher = "SPIE",
    title = "{Visual relation of interest detection based on part detection}",
    volume = "11884",
    year = "2021"
}

@inproceedings{Csurka2013,
    author = "Csurka, Gabriela and Larlus, Diane and Perronnin, Florent",
    editor = "Burghardt, Tilo and Damen, Dima and Mayol{-}Cuevas, Walterio W. and Mirmehdi, Majid",
    booktitle = "British Machine Vision Conference, {BMVC} 2013, Bristol, UK, September 9-13, 2013",
    doi = "10.5244/C.27.32",
    publisher = "{BMVA} Press",
    title = "What is a good evaluation measure for semantic segmentation?",
    year = "2013"
}

@misc{MartinAbadi2015Systems,
    author = "{Mart{\textbackslash}'{\{}{\textbackslash}i{\}}n{\\textasciitilde {}}Abadi} and {Ashish{\\textasciitilde {}}Agarwal} and {Paul{\\textasciitilde {}}Barham} and {Eugene{\\textasciitilde {}}Brevdo} and {Zhifeng{\\textasciitilde {}}Chen} and {Craig{\\textasciitilde {}}Citro} and {Greg{\\textasciitilde {}}S.{\\textasciitilde {}}Corrado} and {Andy{\\textasciitilde {}}Davis} and {Jeffrey{\\textasciitilde {}}Dean} and {Matthieu{\\textasciitilde {}}Devin} and {Sanjay{\\textasciitilde {}}Ghemawat} and {Ian{\\textasciitilde {}}Goodfellow} and {Andrew{\\textasciitilde {}}Harp} and {Geoffrey{\\textasciitilde {}}Irving} and {Michael{\\textasciitilde {}}Isard} and Jia, Yangqing and {Rafal{\\textasciitilde {}}Jozefowicz} and {Lukasz{\\textasciitilde {}}Kaiser} and {Manjunath{\\textasciitilde {}}Kudlur} and {Josh{\\textasciitilde {}}Levenberg} and {Dandelion{\\textasciitilde {}}Man{\'{e}}} and {Rajat{\\textasciitilde {}}Monga} and {Sherry{\\textasciitilde {}}Moore} and {Derek{\\textasciitilde {}}Murray} and {Chris{\\textasciitilde {}}Olah} and {Mike{\\textasciitilde {}}Schuster} and {Jonathon{\\textasciitilde {}}Shlens} and {Benoit{\\textasciitilde {}}Steiner} and {Ilya{\\textasciitilde {}}Sutskever} and {Kunal{\\textasciitilde {}}Talwar} and {Paul{\\textasciitilde {}}Tucker} and {Vincent{\\textasciitilde {}}Vanhoucke} and {Vijay{\\textasciitilde {}}Vasudevan} and {Fernanda{\\textasciitilde {}}Vi{\'{e}}gas} and {Oriol{\\textasciitilde {}}Vinyals} and {Pete{\\textasciitilde {}}Warden} and {Martin{\\textasciitilde {}}Wattenberg} and {Martin{\\textasciitilde {}}Wicke} and {Yuan{\\textasciitilde {}}Yu} and {Xiaoqiang{\\textasciitilde {}}Zheng}",
    title = "{ TensorFlow: Large-Scale Machine Learning on Heterogeneous Systems}",
    url = "https://www.tensorflow.org/",
    year = "2015"
}

@inproceedings{Ribeiro2016WhyClassifier,
    author = "Ribeiro, Marco T{\'{u}}lio and Singh, Sameer and Guestrin, Carlos",
    editor = "Krishnapuram, Balaji and Shah, Mohak and Smola, Alexander J. and Aggarwal, Charu C. and Shen, Dou and Rastogi, Rajeev",
    booktitle = "Proceedings of the 22nd {ACM} {SIGKDD} International Conference on Knowledge Discovery and Data Mining, San Francisco, CA, USA, August 13-17, 2016",
    doi = "10.1145/2939672.2939778",
    pages = "1135--1144",
    publisher = "{ACM}",
    title = {"Why Should {I} Trust You?": Explaining the Predictions of Any Classifier},
    year = "2016"
}

@article{Hao2020ALearning,
    author = "Hao, Shijie and Zhou, Yuan and Guo, Yanrong",
    doi = "10.1016/J.NEUCOM.2019.11.118",
    issn = "0925-2312",
    journal = "Neurocomputing",
    keywords = "Deep learning, Semantic segmentation",
    pages = "302--321",
    publisher = "Elsevier",
    title = "{A Brief Survey on Semantic Segmentation with Deep Learning}",
    volume = "406",
    year = "2020"
}

@article{Sabri2020AClassification,
    author = "Sabri, Baity",
    doi = "10.30534/ijatcse/2020/9791.42020",
    journal = "Article in International Journal of Advanced Trends in Computer Science and Engineering",
    pages = "689--696",
    title = "{A Comparison between Average and Max-Pooling in Convolutional Neural Network for Scoliosis Classification}",
    volume = "9",
    year = "2020"
}

@article{Sabri2020AClassificationb,
    author = "Sabri, Nurbaity and Hamed, Haza Nuzly Abdull and Ibrahim, Zaidah and Ibrahim, Kamalnizat",
    journal = "International Journal of Advanced Trends in Computer Science and Engineering",
    title = "{A comparison between average and max-pooling in convolutional neural network for scoliosis classification}",
    volume = "9",
    year = "2020"
}

@article{Kugelman2022ASegmentation,
    author = "Kugelman, Jason and Allman, Joseph and Read, Scott A. and Vincent, Stephen J. and Tong, Janelle and Kalloniatis, Michael and Chen, Fred K. and Collins, Michael J. and Alonso-Caneiro, David",
    doi = "10.1038/s41598-022-18646-2",
    isbn = "0123456789",
    issn = "2045-2322",
    journal = "Scientific Reports 2022 12:1",
    keywords = "Computer science, Medical imaging",
    number = "1",
    pages = "1--14",
    pmid = "36050364",
    publisher = "Nature Publishing Group",
    title = "{A comparison of deep learning U-Net architectures for posterior segment OCT retinal layer segmentation}",
    volume = "12",
    year = "2022"
}

@article{Zafar2022ANetworks,
    author = "Zafar, Afia and Aamir, Muhammad and Mohd Nawi, Nazri and Arshad, Ali and Riaz, Saman and Alruban, Abdulrahman and Dutta, Ashit Kumar and Almotairi, Sultan",
    doi = "10.3390/APP12178643",
    issn = "2076-3417",
    journal = "Applied Sciences 2022, Vol. 12, Page 8643",
    keywords = "convolutional neural network, deep network, down sampling, overfitting, pooling methods, visual recognition",
    number = "17",
    pages = "8643",
    publisher = "Multidisciplinary Digital Publishing Institute",
    title = "{A Comparison of Pooling Methods for Convolutional Neural Networks}",
    volume = "12",
    year = "2022"
}

@article{Domingos2012ALearning,
    author = "Domingos, Pedro",
    journal = "Communications of the ACM",
    number = "10",
    pages = "78--87",
    publisher = "ACM New York, NY, USA",
    title = "{A few useful things to know about machine learning}",
    volume = "55",
    year = "2012"
}

@article{Guo2018ANetworks,
    author = "Guo, Yanming and Liu, Yu and Georgiou, Theodoros and Lew, Michael S.",
    doi = "10.1007/S13735-017-0141-Z/FIGURES/3",
    issn = "2192662X",
    journal = "International Journal of Multimedia Information Retrieval",
    keywords = "Computer vision, Convolutional neural networks, Deep learning, Image segmentation, Machine learning",
    number = "2",
    pages = "87--93",
    publisher = "Springer London",
    title = "{A review of semantic segmentation using deep neural networks}",
    volume = "7",
    year = "2018"
}

@article{Shorten2019ALearning,
    author = "Shorten, Connor and Khoshgoftaar, Taghi M.",
    doi = "10.1186/S40537-019-0197-0/FIGURES/33",
    issn = "21961115",
    journal = "Journal of Big Data",
    keywords = "Big data, Data Augmentation, Deep Learning, GANs, Image data",
    number = "1",
    pages = "1--48",
    publisher = "SpringerOpen",
    title = "{A survey on Image Data Augmentation for Deep Learning}",
    volume = "6",
    year = "2019"
}

@inproceedings{Boureau2010ARecognition,
    author = "Boureau, Y{-}Lan and Ponce, Jean and LeCun, Yann",
    editor = {F{\"{u}}rnkranz, Johannes and Joachims, Thorsten},
    booktitle = "Proceedings of the 27th International Conference on Machine Learning (ICML-10), June 21-24, 2010, Haifa, Israel",
    pages = "111--118",
    publisher = "Omnipress",
    title = "A Theoretical Analysis of Feature Pooling in Visual Recognition",
    year = "2010"
}

@inproceedings{Kingma2014Adam:Optimization,
    author = "Kingma, Diederik P. and Ba, Jimmy",
    editor = "Bengio, Yoshua and LeCun, Yann",
    booktitle = "3rd International Conference on Learning Representations, {ICLR} 2015, San Diego, CA, USA, May 7-9, 2015, Conference Track Proceedings",
    title = "Adam: {A} Method for Stochastic Optimization",
    year = "2015"
}

@inproceedings{Kingma2014Adam:Optimizationb,
    author = "Kingma, Diederik P. and Ba, Jimmy",
    editor = "Bengio, Yoshua and LeCun, Yann",
    booktitle = "3rd International Conference on Learning Representations, {ICLR} 2015, San Diego, CA, USA, May 7-9, 2015, Conference Track Proceedings",
    title = "Adam: {A} Method for Stochastic Optimization",
    year = "2015"
}

@article{Senior2013AnRecognition,
    author = "Senior, Andrew and Heigold, Georg and Ranzato, Marc'Aurelio and Yang, Ke",
    doi = "10.1109/ICASSP.2013.6638963",
    isbn = "9781479903566",
    issn = "15206149",
    journal = "ICASSP, IEEE International Conference on Acoustics, Speech and Signal Processing - Proceedings",
    keywords = "AdaDec, AdaGrad, Deep neural networks, Voice Search, large vocabulary speech recognition, learning rate",
    pages = "6724--6728",
    title = "{An empirical study of learning rates in deep neural networks for speech recognition}",
    year = "2013"
}

@article{Tang2021AnPump,
    author = "Tang, Shengnan and Zhu, Yong and Yuan, Shouqi",
    doi = "10.1016/J.AEI.2021.101406",
    issn = "1474-0346",
    journal = "Advanced Engineering Informatics",
    keywords = "Adapting learning rate, Continuous wavelet transform, Convolutional neural network, Hydraulic piston pump, Intelligent fault diagnosis",
    pages = "101406",
    publisher = "Elsevier",
    title = "{An improved convolutional neural network with an adaptable learning rate towards multi-signal fault diagnosis of hydraulic piston pump}",
    volume = "50",
    year = "2021"
}

@article{Harris2020,
    author = "Harris, Charles R and Millman, K Jarrod and der Walt, Stéfan J. van and Gommers, Ralf and Virtanen, Pauli and Cournapeau, David and Wieser, Eric and Taylor, Julian and Berg, Sebastian and Smith, Nathaniel J and Kern, Robert and Hoyer, Matti Picus and Stephan and van Kerkwijk, Marten H and Brett, Matthew and Haldane, Allan and del R{\'{i}}o, Jaime Fernández and Wiebe, Mark and Peterson, Pearu and G{\'{e}}rard-Marchant, Pierre and Sheppard, Kevin and Reddy, Tyler and Weckesser, Warren and Abbasi, Hameer and Gohlke, Christoph and Oliphant, Travis E",
    doi = "10.1038/s41586-020-2649-2",
    journal = "Nature",
    number = "7825",
    pages = "357--362",
    publisher = "Springer Science and Business Media LLC",
    title = "{Array programming with NumPy}",
    volume = "585",
    year = "2020"
}

@article{MontesinosLopez2022ArtificialOutcomes,
    author = "Montesinos L{\'{o}}pez, Osval Antonio and Montesinos L{\'{o}}pez, Abelardo and Crossa, Jose",
    doi = "10.1007/978-3-030-89010-0{\\_}11",
    isbn = "978-3-030-89010-0",
    journal = "Multivariate Statistical Machine Learning Methods for Genomic Prediction",
    pages = "427--476",
    publisher = "Springer, Cham",
    title = "{Artificial Neural Networks and Deep Learning for Genomic Prediction of Continuous Outcomes}",
    year = "2022"
}

@article{Pfister2019AutomatedNetworks,
    author = {Pfister, Martin and Sch{\"{u}}tzenberger, Kornelia and Pfeiffenberger, Ulrike and Messner, Alina and Chen, Zhe and Aranha, Valentin and Santos, Dos and Puchner, Stefan and Garh{\"{o}}fer, Gerhard and Schmetterer, Leopold and Gr{\"{o}}schl, Martin and Werkmeister, René M},
    doi = "10.1364/BOE.10.001315",
    issn = "2156-7085",
    journal = "Biomedical Optics Express, Vol. 10, Issue 3, pp. 1315-1328",
    keywords = "Biomedical imaging, Deep learning, Machine learning, Near infrared, Neural networks, Pattern recognition",
    number = "3",
    pages = "1315--1328",
    publisher = "Optica Publishing Group",
    title = "{Automated segmentation of dermal fillers in OCT images of mice using convolutional neural networks}",
    volume = "10",
    year = "2019"
}

@article{Paszke2017AutomaticPyTorch,
    author = "Paszke, Adam and Gross, Sam and Chintala, Soumith and Chanan, Gregory and Yang, Edward and DeVito, Zachary and Lin, Zeming and Desmaison, Alban and Antiga, Luca and Lerer, Adam",
    journal = "NIPS-W",
    title = "{Automatic differentiation in PyTorch}",
    year = "2017"
}

@article{Prechelt1998AutomaticCriteria,
    author = "Prechelt, Lutz",
    doi = "10.1016/S0893-6080(98)00010-0",
    issn = "0893-6080",
    journal = "Neural Networks",
    keywords = "Cross validation, Early stopping, Empirical study, Generalization, Overfitting, Supervised learning",
    number = "4",
    pages = "761--767",
    publisher = "Pergamon",
    title = "{Automatic early stopping using cross validation: quantifying the criteria}",
    volume = "11",
    year = "1998"
}

@article{Zhao2018AutomaticFPGA,
    author = "Zhao, Ruizhe and Niu, Xinyu and Luk, Wayne",
    doi = "10.1145/3174243.3174959",
    journal = "ACM/SIGDA International Symposium on Field-Programmable Gate Arrays",
    pages = "285--285",
    publisher = "Association for Computing Machinery (ACM)",
    title = "{Automatic Optimising CNN with Depthwise Separable Convolution on FPGA}",
    year = "2018"
}

@article{Ozdemir2023Avg-topk:Networks,
    author = {{\"{O}}zdemir, Cüneyt},
    doi = "https://doi.org/10.1016/j.eswa.2023.119892",
    issn = "0957-4174",
    journal = "Expert Systems with Applications",
    keywords = "Convolutional neural networks, Custom pooling method, Down-sampling, New pooling method",
    pages = "119892",
    title = "{Avg-topk: A new pooling method for convolutional neural networks}",
    volume = "223",
    year = "2023"
}

@inproceedings{Ioffe2015BatchShift,
    author = "Ioffe, Sergey and Szegedy, Christian",
    editor = "Bach, Francis R. and Blei, David M.",
    booktitle = "Proceedings of the 32nd International Conference on Machine Learning, {ICML} 2015, Lille, France, 6-11 July 2015",
    pages = "448--456",
    publisher = "JMLR.org",
    series = "{JMLR} Workshop and Conference Proceedings",
    title = "Batch Normalization: Accelerating Deep Network Training by Reducing Internal Covariate Shift",
    volume = "37",
    year = "2015"
}

@inproceedings{Parkhi2012CatsDogs,
    author = "Parkhi, Omkar M. and Vedaldi, Andrea and Zisserman, Andrew and Jawahar, C. V.",
    booktitle = "2012 {IEEE} Conference on Computer Vision and Pattern Recognition, Providence, RI, USA, June 16-21, 2012",
    doi = "10.1109/CVPR.2012.6248092",
    pages = "3498--3505",
    publisher = "{IEEE} Computer Society",
    title = "Cats and dogs",
    year = "2012"
}

@article{Alahmari2020ChallengesModels,
    author = "Alahmari, Saeed S. and Goldgof, Dmitry B. and Mouton, Peter R. and Hall, Lawrence O.",
    doi = "10.1109/ACCESS.2020.3039833",
    issn = "21693536",
    journal = "IEEE Access",
    keywords = "Deep learning, Keras, Pytorch, TensorFlow, determinism, deterministic models, repeatability, replicability, replicable deep learning models, reproducibility, reproducible, torch",
    pages = "211860--211868",
    publisher = "Institute of Electrical and Electronics Engineers Inc.",
    title = "{Challenges for the Repeatability of Deep Learning Models}",
    volume = "8",
    year = "2020"
}

@misc{Brooks2019COCOAnnotator,
    author = "Brooks, Justin",
    howpublished = "https://github.com/jsbroks/coco-annotator/",
    title = "{COCO Annotator}",
    year = "2019"
}

@article{OZTURK2020ComparisonImageries,
    author = {OZTURK, Ozan and SARIT{\"{U}}RK, Batuhan and SEKER, Dursun Zafer},
    doi = "10.30897/IJEGEO.737993",
    issn = "2148-9173",
    journal = "International Journal of Environment and Geoinformatics",
    keywords = "Deep Learning, Fully Convolutional Networks, Google Scholar, Image Segmentation, Index Copernicus, International Scientific Indexing, Journal Factor, OAJI, ResearchBib, SOBIAD Keywords: Deep Learning, Scientific Indexing Services, U-Net, Ulrich's Periodicals Directory, WorldCat",
    number = "3",
    pages = "272--279",
    publisher = "Cem GAZİO{\u{G}}LU",
    title = "{Comparison of Fully Convolutional Networks (FCN) and U-Net for Road Segmentation from High Resolution Imageries}",
    volume = "7",
    year = "2020"
}

@article{Fajar2023CyclicalSegmentation,
    author = "Fajar, Aziz and Sarno, Riyanarto and Fatichah, Chastine and Susilo, Rahadian Indarto and Pangestu, Gusti",
    doi = "10.1109/ACCESS.2023.3326475",
    issn = "21693536",
    journal = "IEEE Access",
    keywords = "3D image data, deep learning, exponential moving average, information and communication technology, learning rate, scientific research",
    publisher = "Institute of Electrical and Electronics Engineers Inc.",
    title = "{Cyclical Learning Rate Optimization on Deep Learning Model for Brain Tumor Segmentation}",
    year = "2023"
}

@article{Smith2017CyclicalNetworks,
    author = "Smith, Leslie N.",
    arxivid = "1506.01186",
    doi = "10.1109/WACV.2017.58",
    isbn = "9781509048229",
    journal = "Proceedings - 2017 IEEE Winter Conference on Applications of Computer Vision, WACV 2017",
    pages = "464--472",
    publisher = "Institute of Electrical and Electronics Engineers Inc.",
    title = "{Cyclical learning rates for training neural networks}",
    year = "2017"
}

@article{Christlein2019DeepPooling,
    author = "Christlein, Vincent and Spranger, Lukas and Seuret, Mathias and Nicolaou, Anguelos and Kral, Pavel and Maier, Andreas",
    arxivid = "1908.05040",
    doi = "10.1109/ICDAR.2019.00177",
    isbn = "9781728128610",
    issn = "15205363",
    journal = "Proceedings of the International Conference on Document Analysis and Recognition, ICDAR",
    keywords = "Deep learning, Document analysis, Document image classification, Pooling, Writer identification, Writer retrieval",
    pages = "1090--1096",
    publisher = "IEEE Computer Society",
    title = "{Deep generalized max pooling}",
    year = "2019"
}

@book{Chollet2021DeepPython,
    author = "Chollet, Francois",
    publisher = "Simon and Schuster",
    title = "{Deep learning with Python}",
    year = "2021"
}

@article{Minaee2021DeepClassification,
    author = "Minaee, Shervin and Kalchbrenner, Nal and Cambria, Erik and Nikzad, Narjes and Chenaghlu, Meysam and Gao, Jianfeng",
    doi = "10.1145/3439726",
    issn = "0360-0300",
    journal = "ACM Computing Surveys",
    keywords = "Text classification, deep learning, natural language inference, news categorization, question answering, sentiment analysis, topic classification",
    number = "3",
    pages = "1--40",
    publisher = "Association for Computing Machinery (ACM)",
    title = "{Deep Learning--based Text Classification}",
    volume = "54",
    year = "2021"
}

@article{AsgariTaghanaki2021DeepReview,
    author = "Asgari Taghanaki, Saeid and Abhishek, Kumar and Cohen, Joseph Paul and Cohen-Adad, Julien and Hamarneh, Ghassan",
    arxivid = "1910.07655",
    doi = "10.1007/S10462-020-09854-1/TABLES/3",
    issn = "15737462",
    journal = "Artificial Intelligence Review",
    keywords = "Deep learning, Semantic image segmentation",
    number = "1",
    pages = "137--178",
    publisher = "Springer Science and Business Media B.V.",
    title = "{Deep semantic segmentation of natural and medical images: a review}",
    volume = "54",
    year = "2021"
}

@article{Lee1983DigitalFilter,
    author = "Lee, Jong Sen",
    doi = "10.1016/0734-189X(83)90047-6",
    issn = "0734-189X",
    journal = "Computer Vision, Graphics, and Image Processing",
    number = "2",
    pages = "255--269",
    publisher = "Academic Press",
    title = "{Digital image smoothing and the sigma filter}",
    volume = "24",
    year = "1983"
}

@article{Paul2019DimensionalityPooling,
    author = "Paul, Arati and Chaki, Nabendu",
    doi = "10.1134/S1054661819010085/METRICS",
    issn = "15556212",
    journal = "Pattern Recognition and Image Analysis",
    keywords = "classification, dimensionality reduction, hyperspectral, pooling",
    number = "1",
    pages = "72--78",
    publisher = "Pleiades Publishing",
    title = "{Dimensionality Reduction of Hyperspectral Images Using Pooling}",
    volume = "29",
    year = "2019"
}

@article{Prechelt1998EarlyWhen,
    author = "Prechelt, Lutz",
    doi = "10.1007/3-540-49430-8{\\_}3",
    isbn = "978-3-540-49430-0",
    journal = "Neural Networks: Tricks of the Trade",
    pages = "55--69",
    publisher = "Springer, Berlin, Heidelberg",
    title = "{Early Stopping - But When?}",
    year = "1998"
}

@article{VilaresFerro2023EarlyNetworks,
    author = "Vilares Ferro, Manuel and Doval Mosquera, Yerai and Ribadas Pena, Francisco J. and Darriba Bilbao, Víctor M.",
    doi = "10.1016/J.NEUNET.2022.11.035",
    issn = "0893-6080",
    journal = "Neural Networks",
    keywords = "Canary functions, Early stopping, Natural language processing, Neural networks, Overfitting",
    pages = "109--124",
    pmid = "36563483",
    publisher = "Pergamon",
    title = "{Early stopping by correlating online indicators in neural networks}",
    volume = "159",
    year = "2023"
}

@article{Felzenszwalb2004EfficientSegmentation,
    author = "Felzenszwalb, Pedro F. and Huttenlocher, Daniel P.",
    doi = "10.1023/B:VISI.0000022288.19776.77/METRICS",
    issn = "09205691",
    journal = "International Journal of Computer Vision",
    keywords = "Clustering, Graph algorithm, Image segmentation, Perceptual organization",
    number = "2",
    pages = "167--181",
    publisher = "Springer",
    title = "{Efficient graph-based image segmentation}",
    volume = "59",
    year = "2004"
}

@article{Carneiro2021EfficientProcessing,
    author = "Carneiro, A. L. Cavalcante and Silva, L. Brito and Salvadeo, D. H. Pinheiro",
    editor = "Jiang, Xudong and Fujita, Hiroshi",
    arxivid = "2103.12233",
    doi = "10.1117/12.2601018",
    journal = "Thirteenth International Conference on Digital Image Processing (ICDIP 2021)",
    pages = "1187803",
    publisher = "International Society for Optics and Photonics",
    title = "{Efficient sign language recognition system and dataset creation method based on deep learning and image processing}",
    volume = "11878",
    year = "2021"
}

@inproceedings{Tan2019Efficientnet:Networks,
    author = "Tan, Mingxing and Le, Quoc V.",
    editor = "Chaudhuri, Kamalika and Salakhutdinov, Ruslan",
    booktitle = "Proceedings of the 36th International Conference on Machine Learning, {ICML} 2019, 9-15 June 2019, Long Beach, California, {USA}",
    pages = "6105--6114",
    publisher = "{PMLR}",
    series = "Proceedings of Machine Learning Research",
    title = "EfficientNet: Rethinking Model Scaling for Convolutional Neural Networks",
    volume = "97",
    year = "2019"
}

@article{Sultana2020EvolutionSurvey,
    author = "Sultana, Farhana and Sufian, Abu and Dutta, Paramartha",
    arxivid = "2001.04074",
    doi = "10.1016/J.KNOSYS.2020.106062",
    issn = "0950-7051",
    journal = "Knowledge-Based Systems",
    keywords = "Convolutional neural network, Deep learning, Instance segmentation, Panoptic segmentation, Semantic segmentation, Survey",
    pages = "106062",
    publisher = "Elsevier",
    title = "{Evolution of Image Segmentation using Deep Convolutional Neural Network: A Survey}",
    volume = "201-202",
    year = "2020"
}

@article{Angelov2021ExplainableReview,
    author = "Angelov, Plamen P. and Soares, Eduardo A. and Jiang, Richard and Arnold, Nicholas I. and Atkinson, Peter M.",
    doi = "10.1002/WIDM.1424",
    issn = "1942-4795",
    journal = "Wiley Interdisciplinary Reviews: Data Mining and Knowledge Discovery",
    keywords = "based models, black, box models, deep learning, explainable AI, machine learning, prototype, surrogate models",
    number = "5",
    pages = "e1424",
    publisher = "John Wiley {\&} Sons, Ltd",
    title = "{Explainable artificial intelligence: an analytical review}",
    volume = "11",
    year = "2021"
}

@article{Boykov2001FastCuts,
    author = "Boykov, Yuri and Veksler, Olga and Zabih, Ramin",
    doi = "10.1109/34.969114",
    issn = "01628828",
    journal = "IEEE Transactions on Pattern Analysis and Machine Intelligence",
    keywords = "Early vision, Energy minimization, Graph algorithms, Image restoration, Markov random fields, Maximum flow, Minimum cut, Motion, Multiway cut, Potts model, Stereo",
    number = "11",
    pages = "1222--1239",
    title = "{Fast approximate energy minimization via graph cuts}",
    volume = "23",
    year = "2001"
}

@article{Song2010FeatureAnalysis,
    author = "Song, Fengxi and Guo, Zhongwei and Mei, Dayong",
    doi = "10.1109/ICSEM.2010.14",
    isbn = "9780769542232",
    journal = "Proceedings - 2010 International Conference on System Science, Engineering Design and Manufacturing Informatization, ICSEM 2010",
    keywords = "Face recognition, Feature selection, Principal component analysis",
    pages = "27--30",
    title = "{Feature selection using principal component analysis}",
    volume = "1",
    year = "2010"
}

@inproceedings{Bossard2014Food-101Forests,
    author = "Bossard, Lukas and Guillaumin, Matthieu and Van Gool, Luc",
    booktitle = "European Conference on Computer Vision",
    title = "{Food-101 – Mining Discriminative Components with Random Forests}",
    year = "2014"
}

@incollection{Bisong2019GoogleColaboratory,
    author = "Bisong, Ekaba",
    address = "Berkeley, CA",
    booktitle = "Building Machine Learning and Deep Learning Models on Google Cloud Platform: A Comprehensive Guide for Beginners",
    doi = "10.1007/978-1-4842-4470-8{\\_}7",
    isbn = "978-1-4842-4470-8",
    pages = "59--64",
    publisher = "Apress",
    title = "{Google Colaboratory}",
    year = "2019"
}

@article{LeCun1998Gradient-basedRecognition,
    author = "LeCun, Yann and Bottou, Léon and Bengio, Yoshua and Haffner, Patrick",
    doi = "10.1109/5.726791",
    issn = "00189219",
    journal = "Proceedings of the IEEE",
    keywords = "Convolutional neural networks, Document recognition, Finite state transducers, Gradient-based learning, Graph transformer networks, Machine learning, Neural networks, Optical character recognition (OCR)",
    number = "11",
    pages = "2278--2323",
    title = "{Gradient-based learning applied to document recognition}",
    volume = "86",
    year = "1998"
}

@book{Geron2017Hands-onSystems,
    author = "G{\'{e}}ron, Aurélien",
    edition = "1",
    pages = "574",
    publisher = "O'Reilly Media",
    title = "{Hands-on machine learning with Scikit-Learn, Keras, and TensorFlow: Concepts, tools, and techniques to build intelligent systems}",
    year = "2017"
}

@inproceedings{Yosinski2014HowNetworks,
    author = "Yosinski, Jason and Clune, Jeff and Bengio, Yoshua and Lipson, Hod",
    editor = "Ghahramani, Zoubin and Welling, Max and Cortes, Corinna and Lawrence, Neil D. and Weinberger, Kilian Q.",
    booktitle = "Advances in Neural Information Processing Systems 27: Annual Conference on Neural Information Processing Systems 2014, December 8-13 2014, Montreal, Quebec, Canada",
    pages = "3320--3328",
    title = "How transferable are features in deep neural networks?",
    year = "2014"
}

@article{Atta2018ImageTechniques,
    author = "Atta, Muhammad Azhar and Imtiaz, Muhammad and Hassan, Arfa and Saqib, Shazia",
    journal = "Lahore Garrison University Research Journal of Computer Science and Information Technology",
    number = "2",
    pages = "1--6",
    title = "{Image Segmentation by Using Threshold Techniques}",
    volume = "2",
    year = "2018"
}

@inproceedings{Deng2009ImageNet:Database,
    author = "Deng, Jia and Dong, Wei and Socher, Richard and Li, Li{-}Jia and Li, Kai and Li, Fei{-}Fei",
    booktitle = "2009 {IEEE} Computer Society Conference on Computer Vision and Pattern Recognition {(CVPR} 2009), 20-25 June 2009, Miami, Florida, {USA}",
    doi = "10.1109/CVPR.2009.5206848",
    pages = "248--255",
    publisher = "{IEEE} Computer Society",
    title = "ImageNet: {A} large-scale hierarchical image database",
    year = "2009"
}

@article{Barrett1997InteractiveExtraction,
    author = "Barrett, William A. and Mortensen, Eric N.",
    doi = "10.1016/S1361-8415(97)85005-0",
    issn = "1361-8415",
    journal = "Medical Image Analysis",
    keywords = "Accuracy and reproducibility, Boundary cooling and training, Graph searching, Interactive segmentation, Live-wire boundary extraction, Speed",
    number = "4",
    pages = "331--341",
    pmid = "9873914",
    publisher = "Elsevier",
    title = "{Interactive live-wire boundary extraction}",
    volume = "1",
    year = "1997"
}

@misc{Chollet2015Keras,
    author = "Chollet, Francois and {others}",
    publisher = "GitHub",
    title = "{Keras}",
    year = "2015"
}

@article{Zhang2023LcmUNet:Segmentation,
    author = "Zhang, Shuai and Niu, Yanmin",
    doi = "10.3390/BIOENGINEERING10060712",
    issn = "2306-5354",
    journal = "Bioengineering 2023, Vol. 10, Page 712",
    keywords = "CNN, MLP, UNet, lightweight network, medical image segmentation",
    number = "6",
    pages = "712",
    publisher = "Multidisciplinary Digital Publishing Institute",
    title = "{LcmUNet: A Lightweight Network Combining CNN and MLP for Real-Time Medical Image Segmentation}",
    volume = "10",
    year = "2023"
}

@article{Ren2003LearningSegmentation,
    author = "Ren, Xiaofeng and Malik, Jitendra",
    doi = "10.1109/ICCV.2003.1238308",
    journal = "Proceedings of the IEEE International Conference on Computer Vision",
    pages = "10--17",
    publisher = "Institute of Electrical and Electronics Engineers Inc.",
    title = "{Learning a classification model for segmentation}",
    volume = "1",
    year = "2003"
}

@article{Krizhevsky2009LearningImages,
    author = "Krizhevsky, Alex and Hinton, Geoffrey and {others}",
    journal = "University of Toronto",
    pages = "",
    publisher = "Toronto, ON, Canada",
    title = "{Learning multiple layers of features from tiny images}",
    year = "2009"
}

@article{Pinggera2016LostVehicles,
    author = "Pinggera, Peter and Ramos, Sebastian and Gehrig, Stefan K and Franke, Uwe and Rother, Carsten and Mester, Rudolf",
    journal = "2016 IEEE/RSJ International Conference on Intelligent Robots and Systems (IROS)",
    pages = "1099--1106",
    title = "{Lost and Found: detecting small road hazards for self-driving vehicles}",
    year = "2016"
}

@article{Du2020MedicalReview,
    author = "Du, Getao and Cao, Xu and Liang, Jimin and Chen, Xueli and Zhan, Yonghua and Cao, Xu and Liang, Jimin and Chen, Xueli and Zhan, Yonghua",
    doi = "10.2352/J.IMAGINGSCI.TECHNOL.2020.64.2.020508",
    issn = "1943-3522",
    journal = "Journal of Imaging Science and Technology",
    number = "2",
    pages = "1--12",
    publisher = "Society for Imaging Science and Technology",
    title = "{Medical Image Segmentation based on U-Net: A Review}",
    volume = "64",
    year = "2020"
}

@article{LeCun2010MNISTDatabase,
    author = "LeCun, Yann and Cortes, Corinna and Burges, C J",
    journal = "ATT Labs [Online]. Available: http://yann.lecun.com/exdb/mnist",
    title = "{MNIST handwritten digit database}",
    volume = "2",
    year = "2010"
}

@article{Kumar2021Multi-classPooling,
    author = "Kumar, R. Lokesh and Kakarla, Jagadeesh and Isunuri, B. Venkateswarlu and Singh, Munesh",
    doi = "10.1007/S11042-020-10335-4/TABLES/5",
    issn = "15737721",
    journal = "Multimedia Tools and Applications",
    keywords = "Brain tumor classification, Deep learning, Global average pooling, Multi-class classification, Residual network",
    number = "9",
    pages = "13429--13438",
    publisher = "Springer",
    title = "{Multi-class brain tumor classification using residual network and global average pooling}",
    volume = "80",
    year = "2021"
}

@article{Benyahia2022Multi-featuresClassification,
    author = "Benyahia, Samia and Meftah, Boudjelal and L{\'{e}}zoray, Olivier",
    doi = "10.1016/J.TICE.2021.101701",
    issn = "0040-8166",
    journal = "Tissue and Cell",
    keywords = "Classification, Convolutional neural networks, Dermoscopy images, Feature extraction, Skin lesion",
    pages = "101701",
    pmid = "34861582",
    publisher = "Churchill Livingstone",
    title = "{Multi-features extraction based on deep learning for skin lesion classification}",
    volume = "74",
    year = "2022"
}

@article{Liu2019Multi-LevelNetworks,
    author = "Liu, Pengju and Zhang, Hongzhi and Lian, Wei and Zuo, Wangmeng",
    doi = "10.1109/ACCESS.2019.2921451",
    journal = "IEEE Access",
    number = "",
    pages = "74973--74985",
    title = "{Multi-Level Wavelet Convolutional Neural Networks}",
    volume = "7",
    year = "2019"
}

@article{Hinton2012NeuralDescent,
    author = "Hinton, Geoffrey and Srivastava, Nitish and Swersky, Kevin",
    journal = "Cited on",
    number = "8",
    pages = "2",
    title = "{Neural networks for machine learning lecture 6a overview of mini-batch gradient descent}",
    volume = "14",
    year = "2012"
}

@article{Stewart2006OnDecomposition,
    author = "Stewart, G. W.",
    doi = "10.1137/1035134",
    issn = "00361445",
    journal = "https://doi.org/10.1137/1035134",
    keywords = "15-03, 15A18, O1A, history, singular value decomposition",
    number = "4",
    pages = "551--566",
    publisher = "Society for Industrial and Applied Mathematics",
    title = "{On the Early History of the Singular Value Decomposition}",
    volume = "35",
    year = "2006"
}

@phdthesis{Falcao1997Paradigmas3D-Live-Wire,
    author = "Falc{\\textasciitilde {a}}o, Alexandre Xavier",
    school = "PhD thesis, Institute of Computing-IC State University of Campinas-UNICAMP{\\textasciitilde {}}{\ldots}",
    title = "{Paradigmas de Segmentacao de Imagens Guiada pelo Usuario: Live Wire, Live-Lane e 3D-Live-Wire}",
    year = "1997"
}

@article{Kuncheva2014PCAData,
    author = "Kuncheva, Ludmila I. and Faithfull, William J.",
    doi = "10.1109/TNNLS.2013.2248094",
    issn = "2162237X",
    journal = "IEEE Transactions on Neural Networks and Learning Systems",
    keywords = "Change detection, feature extraction, log-likelihood detector, pattern recognition",
    number = "1",
    pages = "69--80",
    title = "{PCA feature extraction for change detection in multidimensional unlabeled data}",
    volume = "25",
    year = "2014"
}

@article{Wold1987PrincipalAnalysis,
    author = "Wold, Svante and Esbensen, Kim and Geladi, Paul",
    doi = "10.1016/0169-7439(87)80084-9",
    issn = "0169-7439",
    journal = "Chemometrics and Intelligent Laboratory Systems",
    number = "1-3",
    pages = "37--52",
    publisher = "Elsevier",
    title = "{Principal component analysis}",
    volume = "2",
    year = "1987"
}

@article{Perkel2015Programming:Python,
    author = "Perkel, Jeffrey M.",
    doi = "10.1038/518125a",
    issn = "1476-4687",
    journal = "Nature 2015 518:7537",
    keywords = "Computer science, Databases, Research management",
    number = "7537",
    pages = "125--126",
    pmid = "25653001",
    publisher = "Nature Publishing Group",
    title = "{Programming: Pick up Python}",
    volume = "518",
    year = "2015"
}

@book{VanRossum2009PythonManual,
    author = "Van Rossum, Guido and Drake, Fred L",
    address = "Scotts Valley, CA",
    isbn = "1441412697",
    publisher = "CreateSpace",
    title = "{Python 3 Reference Manual}",
    year = "2009"
}

@article{Oliphant2007PythonComputing,
    author = "Oliphant, Travis E.",
    doi = "10.1109/MCSE.2007.58",
    issn = "15219615",
    journal = "Computing in Science and Engineering",
    number = "3",
    pages = "10--20",
    title = "{Python for scientific computing}",
    volume = "9",
    year = "2007"
}

@article{Millman2011PythonEngineers,
    author = "Millman, K. Jarrod and Aivazis, Michael",
    doi = "10.1109/MCSE.2011.36",
    issn = "15219615",
    journal = "Computing in Science and Engineering",
    keywords = "Programming languages, Python, Python libraries, Python tools, Scientific computing, interactive research",
    number = "2",
    pages = "9--12",
    title = "{Python for scientists and engineers}",
    volume = "13",
    year = "2011"
}

@article{Vedaldi2008QuickSeeking,
    author = "Vedaldi, Andrea and Soatto, Stefano",
    doi = "10.1007/978-3-540-88693-8{\\_}52/COVER",
    isbn = "3540886923",
    issn = "16113349",
    journal = "Lecture Notes in Computer Science (including subseries Lecture Notes in Artificial Intelligence and Lecture Notes in Bioinformatics)",
    number = "PART 4",
    pages = "705--718",
    publisher = "Springer Verlag",
    title = "{Quick shift and kernel methods for mode seeking}",
    volume = "5305 LNCS",
    year = "2008"
}

@article{Alom2019RecurrentSegmentation,
    author = "Alom, Md Zahangir and Yakopcic, Chris and Hasan, Mahmudul and Taha, Tarek M. and Asari, Vijayan K.",
    doi = "10.1117/1.JMI.6.1.014006",
    issn = "2329-4302",
    journal = "Journal of medical imaging (Bellingham, Wash.)",
    keywords = "Chris Yakopcic, MEDLINE, Md Zahangir Alom, NCBI, NIH, NLM, National Center for Biotechnology Information, National Institutes of Health, National Library of Medicine, PMC6435980, PubMed Abstract, Vijayan K Asari, doi:10.1117/1.JMI.6.1.014006, pmid:30944843",
    number = "1",
    pages = "1",
    pmid = "30944843",
    publisher = "J Med Imaging (Bellingham)",
    title = "{Recurrent residual U-Net for medical image segmentation}",
    volume = "6",
    year = "2019"
}

@article{Zheng2011ScaledFluoroscopy,
    author = "Zheng, Guoyan and Nolte, Lutz P. and Ferguson, Stephen J.",
    doi = "10.1007/S11548-010-0515-7/METRICS",
    issn = "18616429",
    journal = "International Journal of Computer Assisted Radiology and Surgery",
    keywords = "2D/3D, Kinematic analysis, Lateral fluoroscopic image, Lumbar vertebra, Reconstruction, X-ray",
    number = "3",
    pages = "351--366",
    publisher = "Springer Verlag",
    title = "{Scaled, patient-specific 3D vertebral model reconstruction based on 2D lateral fluoroscopy}",
    volume = "6",
    year = "2011"
}

@article{Achanta2012SLICMethods,
    author = {Achanta, Radhakrishna and Shaji, Appu and Smith, Kevin and Lucchi, Aurelien and Fua, Pascal and S{\"{u}}sstrunk, Sabine},
    doi = "10.1109/TPAMI.2012.120",
    issn = "01628828",
    journal = "IEEE Transactions on Pattern Analysis and Machine Intelligence",
    keywords = "Superpixels, clustering, k-means, segmentation",
    number = "11",
    pages = "2274--2281",
    pmid = "22641706",
    title = "{SLIC superpixels compared to state-of-the-art superpixel methods}",
    volume = "34",
    year = "2012"
}

@article{Sang2023Small-ObjectAttention,
    author = "Sang, Shengtian and Zhou, Yuyin and Islam, Md Tauhidul and Xing, Lei",
    doi = "10.1109/TPAMI.2022.3211171",
    issn = "19393539",
    journal = "IEEE Transactions on Pattern Analysis and Machine Intelligence",
    keywords = "Small-object semantic segmentation, across feature map attention",
    number = "5",
    pages = "6289--6306",
    pmid = "36178991",
    publisher = "IEEE Computer Society",
    title = "{Small-Object Sensitive Segmentation Using Across Feature Map Attention}",
    volume = "45",
    year = "2023"
}

@article{Su2021Small-scaleFusion,
    author = "Su, Xiaodong and Liang, Hongyu and Yao, Guilin and Li, Hui and Li, Shizhou",
    doi = "10.1109/CCDC52312.2021.9602501",
    isbn = "9781665440899",
    journal = "Proceedings of the 33rd Chinese Control and Decision Conference, CCDC 2021",
    keywords = "Deep learning, Enhanced fusion, Multi-level superposition, Semantic segmentation, Small-scale target",
    pages = "1502--1507",
    publisher = "Institute of Electrical and Electronics Engineers Inc.",
    title = "{Small-scale Image Semantic Segmentation Method Based on Multilevel Superposition and Enhancement Fusion}",
    year = "2021"
}

@article{Polyak1964SomeMethods,
    author = "Polyak, B. T.",
    doi = "10.1016/0041-5553(64)90137-5",
    issn = "0041-5553",
    journal = "USSR Computational Mathematics and Mathematical Physics",
    number = "5",
    pages = "1--17",
    publisher = "No longer published by Elsevier",
    title = "{Some methods of speeding up the convergence of iteration methods}",
    volume = "4",
    year = "1964"
}

@article{He2015SpatialRecognition,
    author = "He, Kaiming and Zhang, Xiangyu and Ren, Shaoqing and Sun, Jian",
    journal = "IEEE transactions on pattern analysis and machine intelligence",
    number = "9",
    pages = "1904--1916",
    publisher = "IEEE",
    title = "{Spatial pyramid pooling in deep convolutional networks for visual recognition}",
    volume = "37",
    year = "2015"
}

@article{Viitaniemi2008TechniquesSegmentation,
    author = "Viitaniemi, Ville and Laaksonen, Jorma",
    doi = "10.1007/978-3-540-85891-1{\\_}26/COVER",
    isbn = "3540858903",
    issn = "03029743",
    journal = "Lecture Notes in Computer Science (including subseries Lecture Notes in Artificial Intelligence and Lecture Notes in Bioinformatics)",
    pages = "231--234",
    publisher = "Springer, Berlin, Heidelberg",
    title = "{Techniques for image classification, object detection and object segmentation}",
    volume = "5188 LNCS",
    year = "2008"
}

@article{Liang2017TextReview,
    author = "Liang, Hong and Sun, Xiao and Sun, Yunlei and Gao, Yuan",
    doi = "10.1186/S13638-017-0993-1/FIGURES/3",
    issn = "16871499",
    journal = "Eurasip Journal on Wireless Communications and Networking",
    keywords = "Deep learning, Feature extraction, Natural language processing, Text characteristic, Text mining",
    number = "1",
    pages = "1--12",
    publisher = "Springer International Publishing",
    title = "{Text feature extraction based on deep learning: a review}",
    volume = "2017",
    year = "2017"
}

@book{MartNez1998TheDatabase,
    author = "Martinez, Aleix and Benavente, Robert",
    abstract = {Aquest technical report cont{\'e} els detalls de la creaci{\'o} de la base de dades de cares {"}AR Database{"}. El document ha rebut 1803 citacions en publicacions cient{\'i}fiques (data: 11/12/2012) segons Google Scholar.},
    day = "1",
    language = "Indefinido/desconocido",
    publisher = "Computer Vision Center",
    title = "The AR Face Database: CVC Technical Report, 24",
    year = "1998"
}

@article{Krizhevsky2014TheDataset,
    author = "Krizhevsky, Alex and Nair, Vinod and Hinton, Geoffrey",
    journal = "online: http://www. cs. toronto. edu/kriz/cifar. html",
    number = "5",
    title = "{The CIFAR-10 dataset}",
    volume = "55",
    year = "2014"
}

@article{Kandel2020TheDataset,
    author = "Kandel, Ibrahem and Castelli, Mauro",
    doi = "10.1016/J.ICTE.2020.04.010",
    issn = "2405-9595",
    journal = "ICT Express",
    keywords = "Batch size, Convolutional neural networks, Deep learning, Image classification, Medical images",
    number = "4",
    pages = "312--315",
    publisher = "Elsevier",
    title = "{The effect of batch size on the generalizability of the convolutional neural networks on a histopathology dataset}",
    volume = "6",
    year = "2020"
}

@article{VanDerWalt2011TheComputation,
    author = "Van Der Walt, Stéfan and Colbert, S. Chris and Varoquaux, Gaël",
    arxivid = "1102.1523",
    doi = "10.1109/MCSE.2011.37",
    issn = "15219615",
    journal = "Computing in Science and Engineering",
    keywords = "NumPy, Python, numerical computations, programming libraries, scientific programming",
    number = "2",
    pages = "22--30",
    title = "{The NumPy array: A structure for efficient numerical computation}",
    volume = "13",
    year = "2011"
}

@article{Bradski2000TheLibrary,
    author = "Bradski, G",
    journal = "Dr. Dobb's Journal of Software Tools",
    keywords = "bibtex-import",
    title = "{The OpenCV Library}",
    year = "2000"
}

@article{Bradski2000TheLibrary.,
    author = "Bradski, Gary",
    journal = "Dr. Dobb's Journal: Software Tools for the Professional Programmer",
    number = "11",
    pages = "120--123",
    publisher = "Miller Freeman Inc.",
    title = "{The openCV library.}",
    volume = "25",
    year = "2000"
}

@article{Muller2022TowardsSegmentation,
    author = {M{\"{u}}ller, Dominik and Soto-Rey, Iñaki and Kramer, Frank},
    journal = "BMC Research Notes",
    number = "1",
    pages = "1--8",
    publisher = "BioMed Central",
    title = "{Towards a guideline for evaluation metrics in medical image segmentation}",
    volume = "15",
    year = "2022"
}

@article{Ronneberger2015U-net:Segmentation,
    author = "Ronneberger, Olaf and Fischer, Philipp and Brox, Thomas",
    doi = "10.1007/978-3-319-24574-4{\\_}28/COVER",
    isbn = "9783319245737",
    issn = "16113349",
    journal = "Lecture Notes in Computer Science (including subseries Lecture Notes in Artificial Intelligence and Lecture Notes in Bioinformatics)",
    pages = "234--241",
    publisher = "Springer Verlag",
    title = "{U-net: Convolutional networks for biomedical image segmentation}",
    volume = "9351",
    year = "2015"
}

@article{Pravitasari2020UNet-VGG16Segmentation,
    author = "Pravitasari, Anindya Apriliyanti and Iriawan, Nur and Almuhayar, Mawanda and Azmi, Taufik and Irhamah, Irhamah and Fithriasari, Kartika and Purnami, Santi Wulan and Ferriastuti, Widiana",
    journal = "TELKOMNIKA (Telecommunication Computing Electronics and Control)",
    number = "3",
    pages = "1310--1318",
    title = "{UNet-VGG16 with transfer learning for MRI-based brain tumor segmentation}",
    volume = "18",
    year = "2020"
}

@article{Mahdianpari2018VeryImagery,
    author = "Mahdianpari, Masoud and Salehi, Bahram and Rezaee, Mohammad and Mohammadimanesh, Fariba and Zhang, Yun",
    doi = "10.3390/RS10071119",
    issn = "2072-4292",
    journal = "Remote Sensing 2018, Vol. 10, Page 1119",
    keywords = "Convolutional Neural Network, RapidEye, deep learning, fine, full, land cover classification, machine learning, multispectral images, training, tuning, wetland",
    number = "7",
    pages = "1119",
    publisher = "Multidisciplinary Digital Publishing Institute",
    title = "{Very Deep Convolutional Neural Networks for Complex Land Cover Mapping Using Multispectral Remote Sensing Imagery}",
    volume = "10",
    year = "2018"
}

@article{Zeiler2014Visualizing2013,
    author = "Zeiler, Matthew D. and Fergus, Rob",
    arxivid = "1311.2901",
    doi = "10.1007/978-3-319-10590-1{\\_}53",
    isbn = "978-3-319-10589-5",
    issn = "978-3-319-10589-5",
    journal = "Computer Vision–ECCV 2014",
    number = "PART 1",
    pages = "818--833",
    pmid = "26353135",
    publisher = "Springer Verlag",
    title = "{Visualizing and Understanding Convolutional Networks arXiv:1311.2901v3 [cs.CV] 28 Nov 2013}",
    volume = "8689",
    year = "2014"
}

@article{SealWatershed:Approach,
    author = "Seal, Arindrajit and Das, Arunava and Sen, Prasad",
    journal = "International Journal of Computer Science and Information Technologies",
    number = "3",
    pages = "2295--2297",
    publisher = "Citeseer",
    title = "Watershed: an image segmentation approach",
    volume = "6",
    year = "2015"
}

@article{Gunning2019XAIExplainableIntelligence,
    author = "Gunning, David and Stefik, Mark and Choi, Jaesik and Miller, Timothy and Stumpf, Simone and Yang, Guang Zhong",
    doi = "10.1126/SCIROBOTICS.AAY7120",
    issn = "24709476",
    journal = "Science Robotics",
    number = "37",
    pmid = "33137719",
    publisher = "American Association for the Advancement of Science",
    title = "{XAI—Explainable artificial intelligence}",
    volume = "4",
    year = "2019"
}

@article{Fel2022,
    author = "Fel, Thomas and Hervier, Lucas and Vigouroux, David and Poche, Antonin and Plakoo, Justin and Cadene, Remi and Chalvidal, Mathieu and Colin, Julien and Boissin, Thibaut and Bethune, Louis and Picard, Agustin and Claire, Nicodeme and Gardes, Laurent and Flandin, Gregory and Serre, Thomas",
    journal = "Workshop on Explainable Artificial Intelligence for Computer Vision (CVPR)",
    title = "{Xplique: A Deep Learning Explainability Toolbox}",
    year = "2022"
}
